<collection>
<record>
<leader>14393cpcaa22024137a 4500</leader>
<controlfield tag="001">17475613</controlfield>
<controlfield tag="005">20230807090421.0</controlfield>
<controlfield tag="008">120926i20032006dcu eng </controlfield>
<datafield ind1=" " ind2=" " tag="906">
<subfield code="a">7</subfield>
<subfield code="b">cbc</subfield>
<subfield code="c">orignew</subfield>
<subfield code="d">u</subfield>
<subfield code="e">ncip</subfield>
<subfield code="f">20</subfield>
<subfield code="g">y-folklife</subfield>
</datafield>
<datafield ind1=" " ind2=" " tag="955">
<subfield code="a">
kste 2012-09-20; cker 2012-10-17; cker 2012-10-22; cker 2012-11-06; cker 2012-11-27
</subfield>
<subfield code="a">mkru 2013-08-21</subfield>
<subfield code="a">kste 2014-02-03</subfield>
<subfield code="a">mkru 2014-02-06</subfield>
<subfield code="a">mkru 2014-03-13</subfield>
<subfield code="a">mseg 2014-09-18</subfield>
<subfield code="a">mseg 2014-09-25</subfield>
<subfield code="a">mkru 2015-11-12</subfield>
<subfield code="a">mseg 2017-07-23</subfield>
<subfield code="a">mseg 2017-08-04</subfield>
<subfield code="a">mseg 2017-08-16</subfield>
<subfield code="a">mseg 2017-08-17</subfield>
<subfield code="a">mseg 2017-10-05</subfield>
<subfield code="u">rf26 2021-03-23 AAP</subfield>
<subfield code="a">masmit 2023-08-07</subfield>
</datafield>
<datafield ind1=" " ind2=" " tag="010">
<subfield code="a"> 2012655454</subfield>
</datafield>
<datafield ind1=" " ind2=" " tag="040">
<subfield code="a">DLC</subfield>
<subfield code="e">dacs</subfield>
<subfield code="c">DLC</subfield>
<subfield code="d">DLC</subfield>
</datafield>
<datafield ind1=" " ind2=" " tag="043">
<subfield code="a">n-us---</subfield>
</datafield>
<datafield ind1=" " ind2=" " tag="090">
<subfield code="a">
ICD 77679-77703 (mini CDs); RYO 7838-7912 (sound cassettes); VAS 3444-3450, VAS 3491-3573 (DVCAM); VAS 3451-3455, VAS 3574-3700, VAS 4749-4809 (Mini-DV); VAS 4810-4828 (VHS)
</subfield>
</datafield>
<datafield ind1=" " ind2=" " tag="090">
<subfield code="a">AFC 2005/015</subfield>
</datafield>
<datafield ind1="0" ind2="0" tag="245">
<subfield code="a">Voices of Civil Rights Project collection,</subfield>
<subfield code="f">2003-2006 /</subfield>
<subfield code="c">
collected by the American Association of Retired Persons.
</subfield>
</datafield>
<datafield ind1=" " ind2=" " tag="300">
<subfield code="a">21,395</subfield>
<subfield code="f">items.</subfield>
</datafield>
<datafield ind1=" " ind2=" " tag="300">
<subfield code="a">35</subfield>
<subfield code="f">containers.</subfield>
</datafield>
<datafield ind1=" " ind2=" " tag="300">
<subfield code="a">14</subfield>
<subfield code="f">linear feet.</subfield>
</datafield>
<datafield ind1=" " ind2=" " tag="300">
<subfield code="a">11,200 manuscript items.</subfield>
</datafield>
<datafield ind1=" " ind2=" " tag="300">
<subfield code="a">101 sound cassettes :</subfield>
<subfield code="b">analog.</subfield>
</datafield>
<datafield ind1=" " ind2=" " tag="300">
<subfield code="a">28 microcassettes :</subfield>
<subfield code="b">analog.</subfield>
</datafield>
<datafield ind1=" " ind2=" " tag="300">
<subfield code="a">266 sound discs (minidisc) :</subfield>
<subfield code="b">digital ;</subfield>
<subfield code="c">2 1/2 inch.</subfield>
</datafield>
<datafield ind1=" " ind2=" " tag="300">
<subfield code="a">4 sound discs (CD-R) :</subfield>
<subfield code="b">digital ;</subfield>
<subfield code="c">4 3/4 inch.</subfield>
</datafield>
<datafield ind1=" " ind2=" " tag="300">
<subfield code="a">193 videocassettes (Mini-DV) :</subfield>
<subfield code="b">digital, sound, color ;</subfield>
<subfield code="c">6.35 mm.</subfield>
</datafield>
<datafield ind1=" " ind2=" " tag="300">
<subfield code="a">90 videocassettes (DVCAM) :</subfield>
<subfield code="b">digital, sound, color ;</subfield>
<subfield code="c">6.35 mm.</subfield>
</datafield>
<datafield ind1=" " ind2=" " tag="300">
<subfield code="a">19 videocassettes (VHS) :</subfield>
<subfield code="b">sound, color ;</subfield>
<subfield code="c">1/2 inch.</subfield>
</datafield>
<datafield ind1=" " ind2=" " tag="300">
<subfield code="a">2 video discs (DVD) :</subfield>
<subfield code="b">digital, sound, color ;</subfield>
<subfield code="c">4 3/4 inch.</subfield>
</datafield>
<datafield ind1=" " ind2=" " tag="300">
<subfield code="3">Photographs</subfield>
<subfield code="a">approximately 8000 film negatives :</subfield>
<subfield code="b">color.</subfield>
</datafield>
<datafield ind1=" " ind2=" " tag="300">
<subfield code="3">Photographs</subfield>
<subfield code="a">approximately 1492 photographs :</subfield>
<subfield code="b">
digital, color, black and white, .jpg, .gif and .tiff files.
</subfield>
</datafield>
<datafield ind1=" " ind2=" " tag="351">
<subfield code="b">
Organized into the following series: I. Manuscripts; II. My Soul Looks Back in Wonder Interviews; III. Bus Tour Interviews and Events Sound Recordings; IV. Bus Tour Interviews and Events Moving Images; and V. Bus Tour Interviews and Events Graphic Images.
</subfield>
</datafield>
<datafield ind1=" " ind2=" " tag="520">
<subfield code="a">
Collection consists of oral history interviews, sound and video recordings, photographs and manuscript materials documenting memories of the civil rights movement for the Voices of Civil Rights Project, sponsored by the American Association of Retired Persons (AARP). The manuscript submissions consist of correspondence from AARP members and the general public who responded to invitations in AARP Magazine, AARP Bulletin and Parade Magazine in 2003 and 2004 to send in written vignettes of 500 words or less describing their civil rights experiences. This collection includes audio interviews, complete transcripts, book chapter drafts, and background research conducted in 2003 for the book My Soul Looks Back in Wonder edited by Juan Williams and published by AARP. Beginning in Washington, D.C., on August 3, 2004, journalists and AARP staff traveled on an AARP-sponsored bus tour to 48 cities in the South, Midwest and western United States over three months to collect audio and video oral histories interviews and photographs from civil rights movement participants. Other related project events are also documented in the collection.
</subfield>
</datafield>
<datafield ind1="8" ind2=" " tag="524">
<subfield code="a">
Voices of Civil Rights Project collection (AFC 2005/015), Archive of Folk Culture, American Folklife Center, Library of Congress, Washington, D.C.
</subfield>
</datafield>
<datafield ind1="1" ind2=" " tag="506">
<subfield code="a">
Collection is open for research. Access to recordings may be restricted. To request materials, please contact the Folklife Reading Room at
</subfield>
<subfield code="u">https://hdl.loc.gov/loc.afc/folklife.contact</subfield>
</datafield>
<datafield ind1=" " ind2=" " tag="530">
<subfield code="a">
Some materials are available in the online exhibition, "Voices of Civil Rights,"
</subfield>
<subfield code="u">https://www.loc.gov/exhibits/civilrights/</subfield>
</datafield>
<datafield ind1=" " ind2=" " tag="540">
<subfield code="a">
Duplication of the recorded materials may be governed by copyright and other restrictions; no duplication permitted.
</subfield>
</datafield>
<datafield ind1=" " ind2=" " tag="541">
<subfield code="a">Voices of Civil Rights Project;</subfield>
<subfield code="d">2005-2006.</subfield>
</datafield>
<datafield ind1=" " ind2=" " tag="545">
<subfield code="a">
Inspired by the 50th anniversary of the Brown v. Board of Education Supreme Court decision, the American Association of Retired Persons (AARP), the Leadership Conference on Civil Rights (LCCR), and the Library of Congress initiated the Voices of Civil Rights (VOCR) Project in 2003 to collect and preserve stories of individuals who took part in, witnessed, or were affected by the civil rights movement. The Voices of Civil Rights Project was launched in August of 2004 with an event on the National Mall hosted by WJLA's Maureen Bunyan. The History Channel also participated in filming interviews, some of which were used for documentaries produced by the television station. Selected materials were on view at the Library through March 26, 2005; afterwards, the original project materials were accessioned in the Library's collection and curated by the American Folklife Center.
</subfield>
</datafield>
<datafield ind1="0" ind2=" " tag="555">
<subfield code="a">
Finding aid is available in the Folklife Reading Room, Library of Congress and online
</subfield>
<subfield code="u">https://hdl.loc.gov/loc.afc/eadafc.af012003</subfield>
</datafield>
<datafield ind1=" " ind2=" " tag="581">
<subfield code="a">
Williams, Juan. My Soul Looks Back In Wonder: Voices of the Civil Rights Experience. AARP, Sterling, 2004.
</subfield>
</datafield>
<datafield ind1=" " ind2=" " tag="581">
<subfield code="a">
A and E Television Networks. History Channel. Save Our History: Voices of Civil Rights. 1999-2006.
</subfield>
</datafield>
<datafield ind1="1" ind2="0" tag="600">
<subfield code="a">Dahmer, Vernon Ferdinand,</subfield>
<subfield code="d">1908-1966.</subfield>
</datafield>
<datafield ind1="1" ind2="0" tag="600">
<subfield code="a">Evers, Medgar Wiley,</subfield>
<subfield code="d">1925-1963.</subfield>
</datafield>
<datafield ind1="1" ind2="0" tag="600">
<subfield code="a">King, Martin Luther,</subfield>
<subfield code="c">Jr.,</subfield>
<subfield code="d">1929-1968.</subfield>
</datafield>
<datafield ind1="1" ind2="0" tag="610">
<subfield code="a">Topeka (Kan.).</subfield>
<subfield code="b">Board of Education</subfield>
<subfield code="x">Trials, litigation, etc.</subfield>
</datafield>
<datafield ind1="2" ind2="0" tag="611">
<subfield code="a">March on Washington for Jobs and Freedom</subfield>
<subfield code="d">(1963 :</subfield>
<subfield code="c">Washington, D.C.)</subfield>
</datafield>
<datafield ind1="2" ind2="0" tag="611">
<subfield code="a">Selma to Montgomery Rights March</subfield>
<subfield code="d">(1965 :</subfield>
<subfield code="c">Selma, Ala.)</subfield>
</datafield>
<datafield ind1=" " ind2="0" tag="650">
<subfield code="a">African Americans</subfield>
<subfield code="x">Civil rights</subfield>
<subfield code="v">Interviews.</subfield>
</datafield>
<datafield ind1=" " ind2="0" tag="650">
<subfield code="a">Civil rights demonstrations</subfield>
<subfield code="z">United States</subfield>
<subfield code="x">History</subfield>
<subfield code="y">20th century.</subfield>
</datafield>
<datafield ind1=" " ind2="0" tag="650">
<subfield code="a">Civil rights movements</subfield>
<subfield code="z">United States</subfield>
<subfield code="x">History</subfield>
<subfield code="y">20th century.</subfield>
</datafield>
<datafield ind1=" " ind2="0" tag="650">
<subfield code="a">Discrimination in education</subfield>
<subfield code="z">United States</subfield>
<subfield code="x">History</subfield>
<subfield code="y">20th century.</subfield>
</datafield>
<datafield ind1=" " ind2="0" tag="650">
<subfield code="a">Discrimination in employment</subfield>
<subfield code="z">United States</subfield>
<subfield code="x">History</subfield>
<subfield code="y">20th century.</subfield>
</datafield>
<datafield ind1=" " ind2="0" tag="650">
<subfield code="a">Discrimination in the military</subfield>
<subfield code="z">United States</subfield>
<subfield code="x">History</subfield>
<subfield code="y">20th century.</subfield>
</datafield>
<datafield ind1=" " ind2="0" tag="650">
<subfield code="a">Gay rights</subfield>
<subfield code="z">United States</subfield>
<subfield code="x">History</subfield>
<subfield code="y">20th century.</subfield>
</datafield>
<datafield ind1=" " ind2="0" tag="650">
<subfield code="a">Hispanic Americans</subfield>
<subfield code="x">Civil rights</subfield>
<subfield code="v">Interviews.</subfield>
</datafield>
<datafield ind1=" " ind2="0" tag="650">
<subfield code="a">Indians of North America</subfield>
<subfield code="x">Civil rights</subfield>
<subfield code="v">Interviews.</subfield>
</datafield>
<datafield ind1=" " ind2="0" tag="650">
<subfield code="a">People with disabilities</subfield>
<subfield code="x">Civil rights</subfield>
<subfield code="v">Interviews.</subfield>
</datafield>
<datafield ind1=" " ind2="0" tag="651">
<subfield code="a">United States</subfield>
<subfield code="x">Race relations</subfield>
<subfield code="x">History</subfield>
<subfield code="y">20th century.</subfield>
</datafield>
<datafield ind1=" " ind2="0" tag="650">
<subfield code="a">School integration</subfield>
<subfield code="z">Arkansas</subfield>
<subfield code="z">Little Rock.</subfield>
</datafield>
<datafield ind1=" " ind2="0" tag="650">
<subfield code="a">School integration</subfield>
<subfield code="z">Virginia</subfield>
<subfield code="z">Prince Edward County.</subfield>
</datafield>
<datafield ind1=" " ind2="0" tag="650">
<subfield code="a">School integration</subfield>
<subfield code="z">United States</subfield>
<subfield code="x">History</subfield>
<subfield code="y">20th century.</subfield>
</datafield>
<datafield ind1=" " ind2="0" tag="650">
<subfield code="a">Segregation in education</subfield>
<subfield code="z">United States</subfield>
<subfield code="x">History</subfield>
<subfield code="y">20th century.</subfield>
</datafield>
<datafield ind1=" " ind2="0" tag="650">
<subfield code="a">Segregation in transportation</subfield>
<subfield code="z">Southern States</subfield>
<subfield code="x">History</subfield>
<subfield code="y">20th century.</subfield>
</datafield>
<datafield ind1=" " ind2="7" tag="655">
<subfield code="a">Interviews.</subfield>
<subfield code="2">aat</subfield>
</datafield>
<datafield ind1=" " ind2="7" tag="655">
<subfield code="a">Transcripts.</subfield>
<subfield code="2">aat</subfield>
</datafield>
<datafield ind1=" " ind2="7" tag="655">
<subfield code="a">Videocassettes.</subfield>
<subfield code="2">aat</subfield>
</datafield>
<datafield ind1=" " ind2="7" tag="655">
<subfield code="a">Digital photographs</subfield>
<subfield code="x">Color</subfield>
<subfield code="y">2000-2010.</subfield>
<subfield code="2">gmgpc</subfield>
</datafield>
<datafield ind1=" " ind2="7" tag="655">
<subfield code="a">Film negatives</subfield>
<subfield code="x">Color</subfield>
<subfield code="y">2000-2010.</subfield>
<subfield code="2">gmgpc</subfield>
</datafield>
<datafield ind1=" " ind2="7" tag="655">
<subfield code="a">Sound recordings.</subfield>
<subfield code="2">aat</subfield>
</datafield>
<datafield ind1=" " ind2="7" tag="655">
<subfield code="a">Oral histories.</subfield>
<subfield code="2">lcgft</subfield>
</datafield>
<datafield ind1="1" ind2=" " tag="700">
<subfield code="a">Adams, Victoria Gray,</subfield>
<subfield code="d">1926-2006,</subfield>
<subfield code="e">interviewee.</subfield>
</datafield>
<datafield ind1="1" ind2=" " tag="700">
<subfield code="a">Andrade, Juan,</subfield>
<subfield code="d">1947-</subfield>
<subfield code="e">interviewee.</subfield>
</datafield>
<datafield ind1="1" ind2=" " tag="700">
<subfield code="a">Baxley, Bill</subfield>
<subfield code="q">(William Joseph),</subfield>
<subfield code="d">1941-</subfield>
<subfield code="e">interviewee.</subfield>
</datafield>
<datafield ind1="1" ind2=" " tag="700">
<subfield code="a">Beal, Gerald K.,</subfield>
<subfield code="d">1933-2011,</subfield>
<subfield code="e">interviewee.</subfield>
</datafield>
<datafield ind1="1" ind2=" " tag="700">
<subfield code="a">Beerman, Leonard I.,</subfield>
<subfield code="d">1921-2014</subfield>
<subfield code="e">interviewee.</subfield>
</datafield>
<datafield ind1="1" ind2=" " tag="700">
<subfield code="a">Boggs, Grace Lee,</subfield>
<subfield code="e">interviewee.</subfield>
</datafield>
<datafield ind1="1" ind2=" " tag="700">
<subfield code="a">Bonilla, Rubén,</subfield>
<subfield code="d">1946-</subfield>
<subfield code="e">interviewee.</subfield>
</datafield>
<datafield ind1="1" ind2=" " tag="700">
<subfield code="a">Booth, Heather,</subfield>
<subfield code="e">interviewee.</subfield>
</datafield>
<datafield ind1="1" ind2=" " tag="700">
<subfield code="a">Bourne, St. Clair,</subfield>
<subfield code="d">1943-2007,</subfield>
<subfield code="e">interviewee.</subfield>
</datafield>
<datafield ind1="1" ind2=" " tag="700">
<subfield code="a">Branch, Raylawni G.,</subfield>
<subfield code="d">1941-</subfield>
<subfield code="e">interviewee.</subfield>
</datafield>
<datafield ind1="1" ind2=" " tag="700">
<subfield code="a">Braxton, Annye H.,</subfield>
<subfield code="d">1933-</subfield>
<subfield code="e">interviewee.</subfield>
</datafield>
<datafield ind1="1" ind2=" " tag="700">
<subfield code="a">Brownmiller, Susan,</subfield>
<subfield code="e">interviewee.</subfield>
</datafield>
<datafield ind1="1" ind2=" " tag="700">
<subfield code="a">Carlos, John,</subfield>
<subfield code="d">1945-</subfield>
<subfield code="e">interviewee.</subfield>
</datafield>
<datafield ind1="1" ind2=" " tag="700">
<subfield code="a">Charles, Michael Ray,</subfield>
<subfield code="d">1967-</subfield>
<subfield code="e">interviewee.</subfield>
</datafield>
<datafield ind1="1" ind2=" " tag="700">
<subfield code="a">Collins, Wendell,</subfield>
<subfield code="d">1918-</subfield>
<subfield code="e">interviewee.</subfield>
</datafield>
<datafield ind1="1" ind2=" " tag="700">
<subfield code="a">Dahmer, Ellie J.,</subfield>
<subfield code="d">1925-</subfield>
<subfield code="e">interviewee.</subfield>
</datafield>
<datafield ind1="1" ind2=" " tag="700">
<subfield code="a">Davis, L. Clifford,</subfield>
<subfield code="d">1924-</subfield>
<subfield code="e">interviewee.</subfield>
</datafield>
<datafield ind1="1" ind2=" " tag="700">
<subfield code="a">Dickinson, James Luther,</subfield>
<subfield code="e">interviewee.</subfield>
</datafield>
<datafield ind1="1" ind2=" " tag="700">
<subfield code="a">Dinkins, David N.,</subfield>
<subfield code="e">interviewee.</subfield>
</datafield>
<datafield ind1="1" ind2=" " tag="700">
<subfield code="a">Doty, Juanita Sims,</subfield>
<subfield code="d">1952-</subfield>
<subfield code="e">interviewee.</subfield>
</datafield>
<datafield ind1="1" ind2=" " tag="700">
<subfield code="a">Epps, Jesse,</subfield>
<subfield code="d">1936-</subfield>
<subfield code="e">interviewee.</subfield>
</datafield>
<datafield ind1="1" ind2=" " tag="700">
<subfield code="a">Fife, John M.</subfield>
<subfield code="q">(John Macmillan),</subfield>
<subfield code="d">1940-</subfield>
<subfield code="e">interviewee.</subfield>
</datafield>
<datafield ind1="1" ind2=" " tag="700">
<subfield code="a">Fleming, Karl,</subfield>
<subfield code="e">interviewee.</subfield>
</datafield>
<datafield ind1="1" ind2=" " tag="700">
<subfield code="a">Forman, James,</subfield>
<subfield code="d">1967-</subfield>
<subfield code="e">interviewee.</subfield>
</datafield>
<datafield ind1="1" ind2=" " tag="700">
<subfield code="a">Fountain, Clarence,</subfield>
<subfield code="e">interviewee.</subfield>
</datafield>
<datafield ind1="1" ind2=" " tag="700">
<subfield code="a">Frank, Barney,</subfield>
<subfield code="d">1940-</subfield>
<subfield code="e">interviewee.</subfield>
</datafield>
<datafield ind1="1" ind2=" " tag="700">
<subfield code="a">Garcia, Isabel</subfield>
<subfield code="q">(Isabel G.),</subfield>
<subfield code="e">interviewee.</subfield>
</datafield>
<datafield ind1="1" ind2=" " tag="700">
<subfield code="a">Gields, Clarence,</subfield>
<subfield code="d">1917-2012,</subfield>
<subfield code="e">interviewee.</subfield>
</datafield>
<datafield ind1="1" ind2=" " tag="700">
<subfield code="a">Goodman, Carolyn,</subfield>
<subfield code="d">1915-2007,</subfield>
<subfield code="e">interviewee.</subfield>
</datafield>
<datafield ind1="1" ind2=" " tag="700">
<subfield code="a">Graves, Curtis,</subfield>
<subfield code="d">1938-</subfield>
<subfield code="e">interviewee.</subfield>
</datafield>
<datafield ind1="1" ind2=" " tag="700">
<subfield code="a">Green, Percy,</subfield>
<subfield code="e">interviewee.</subfield>
</datafield>
<datafield ind1="1" ind2=" " tag="700">
<subfield code="a">Gutiérrez, José Angel,</subfield>
<subfield code="e">interviewee.</subfield>
</datafield>
<datafield ind1="1" ind2=" " tag="700">
<subfield code="a">Hackney, Lucy D.,</subfield>
<subfield code="e">interviewee.</subfield>
</datafield>
<datafield ind1="1" ind2=" " tag="700">
<subfield code="a">Halpern, Rosario Salgado,</subfield>
<subfield code="d">1956-</subfield>
<subfield code="e">interviewee.</subfield>
</datafield>
<datafield ind1="1" ind2=" " tag="700">
<subfield code="a">Harjo, Suzan Shown,</subfield>
<subfield code="e">interviewee.</subfield>
</datafield>
<datafield ind1="1" ind2=" " tag="700">
<subfield code="a">Harrington, Penny,</subfield>
<subfield code="d">1946-</subfield>
<subfield code="e">interviewee.</subfield>
</datafield>
<datafield ind1="1" ind2=" " tag="700">
<subfield code="a">Hayes, Shirley G.,</subfield>
<subfield code="d">1936-</subfield>
<subfield code="e">interviewee.</subfield>
</datafield>
<datafield ind1="1" ind2=" " tag="700">
<subfield code="a">Height, Dorothy I.</subfield>
<subfield code="q">(Dorothy Irene),</subfield>
<subfield code="d">1912-2010,</subfield>
<subfield code="e">interviewee.</subfield>
</datafield>
<datafield ind1="1" ind2=" " tag="700">
<subfield code="a">Hill, Oliver W.,</subfield>
<subfield code="d">1907-2007,</subfield>
<subfield code="e">interviewee.</subfield>
</datafield>
<datafield ind1="1" ind2=" " tag="700">
<subfield code="a">Hite, Nancy,</subfield>
<subfield code="e">interviewee.</subfield>
</datafield>
<datafield ind1="1" ind2=" " tag="700">
<subfield code="a">Holland, Endesha Ida Mae,</subfield>
<subfield code="d">1944-2006</subfield>
<subfield code="e">interviewee.</subfield>
</datafield>
<datafield ind1="1" ind2=" " tag="700">
<subfield code="a">Hooks, Benjamin L.</subfield>
<subfield code="q">(Benjamin Lawson),</subfield>
<subfield code="d">1925-2010,</subfield>
<subfield code="e">interviewee.</subfield>
</datafield>
<datafield ind1="1" ind2=" " tag="700">
<subfield code="a">Horowitz, Rachelle,</subfield>
<subfield code="d">1939-</subfield>
<subfield code="e">interviewee.</subfield>
</datafield>
<datafield ind1="1" ind2=" " tag="700">
<subfield code="a">Jarrett, Vernon,</subfield>
<subfield code="d">1921-2004,</subfield>
<subfield code="e">interviewee.</subfield>
</datafield>
<datafield ind1="1" ind2=" " tag="700">
<subfield code="a">Jones, Doug</subfield>
<subfield code="q">(G. Douglas),</subfield>
<subfield code="d">1954-</subfield>
<subfield code="e">interviewee.</subfield>
</datafield>
<datafield ind1="1" ind2=" " tag="700">
<subfield code="a">King, B. B.,</subfield>
<subfield code="e">interviewee.</subfield>
</datafield>
<datafield ind1="1" ind2=" " tag="700">
<subfield code="a">Kirk, Ron,</subfield>
<subfield code="d">1954-</subfield>
<subfield code="e">interviewee.</subfield>
</datafield>
<datafield ind1="1" ind2=" " tag="700">
<subfield code="a">Kochiyama, Yuri,</subfield>
<subfield code="e">interviewee.</subfield>
</datafield>
<datafield ind1="1" ind2=" " tag="700">
<subfield code="a">Kwoh, Stewart,</subfield>
<subfield code="e">interviewee.</subfield>
</datafield>
<datafield ind1="1" ind2=" " tag="700">
<subfield code="a">Kyles, Samuel Billy,</subfield>
<subfield code="e">interviewee.</subfield>
</datafield>
<datafield ind1="1" ind2=" " tag="700">
<subfield code="a">Landrieu, Moon,</subfield>
<subfield code="d">1930-2022,</subfield>
<subfield code="e">interviewee.</subfield>
</datafield>
<datafield ind1="1" ind2=" " tag="700">
<subfield code="a">Lawson, James M.,</subfield>
<subfield code="d">1928-</subfield>
<subfield code="e">interviewee.</subfield>
</datafield>
<datafield ind1="1" ind2=" " tag="700">
<subfield code="a">Lee, Helen Shores,</subfield>
<subfield code="d">1941-</subfield>
<subfield code="e">interviewee.</subfield>
</datafield>
<datafield ind1="1" ind2=" " tag="700">
<subfield code="a">Lee, Sammy,</subfield>
<subfield code="d">1920-2016,</subfield>
<subfield code="e">interviewee.</subfield>
</datafield>
<datafield ind1="1" ind2=" " tag="700">
<subfield code="a">Lewis, John,</subfield>
<subfield code="d">1940-2020,</subfield>
<subfield code="e">interviewee.</subfield>
</datafield>
<datafield ind1="1" ind2=" " tag="700">
<subfield code="a">Little Joe</subfield>
<subfield code="c">(Vocalist),</subfield>
<subfield code="e">interviewee.</subfield>
</datafield>
<datafield ind1="1" ind2=" " tag="700">
<subfield code="a">Lout, Mike</subfield>
<subfield code="q">(James M.),</subfield>
<subfield code="d">1955-</subfield>
<subfield code="e">interviewee.</subfield>
</datafield>
<datafield ind1="1" ind2=" " tag="700">
<subfield code="a">Lowery, Joseph E.,</subfield>
<subfield code="e">interviewee.</subfield>
</datafield>
<datafield ind1="1" ind2=" " tag="700">
<subfield code="a">Lyons, Kenneth O.,</subfield>
<subfield code="d">1941-</subfield>
<subfield code="e">interviewee.</subfield>
</datafield>
<datafield ind1="1" ind2=" " tag="700">
<subfield code="a">Mashariki, Job,</subfield>
<subfield code="d">1943-</subfield>
<subfield code="e">interviewee.</subfield>
</datafield>
<datafield ind1="1" ind2=" " tag="700">
<subfield code="a">McKinstry, Carolyn Maull,</subfield>
<subfield code="d">1948-</subfield>
<subfield code="e">interviewee.</subfield>
</datafield>
<datafield ind1="1" ind2=" " tag="700">
<subfield code="a">McWhorter, Diane,</subfield>
<subfield code="e">interviewee.</subfield>
</datafield>
<datafield ind1="1" ind2=" " tag="700">
<subfield code="a">Mease, Quentin R.,</subfield>
<subfield code="d">1908-2009,</subfield>
<subfield code="e">interviewee.</subfield>
</datafield>
<datafield ind1="1" ind2=" " tag="700">
<subfield code="a">Meier, Deborah,</subfield>
<subfield code="e">interviewee.</subfield>
</datafield>
<datafield ind1="1" ind2=" " tag="700">
<subfield code="a">Mingo, Lucy,</subfield>
<subfield code="d">1931-</subfield>
<subfield code="e">interviewee.</subfield>
</datafield>
<datafield ind1="1" ind2=" " tag="700">
<subfield code="a">Monroe, Sputnik,</subfield>
<subfield code="d">1928-2006,</subfield>
<subfield code="e">interviewee.</subfield>
</datafield>
<datafield ind1="1" ind2=" " tag="700">
<subfield code="a">Moses, Robert Parris,</subfield>
<subfield code="e">interviewee.</subfield>
</datafield>
<datafield ind1="1" ind2=" " tag="700">
<subfield code="a">Moutoussamy-Ashe, Jeanne,</subfield>
<subfield code="d">1951-</subfield>
<subfield code="e">interviewee.</subfield>
</datafield>
<datafield ind1="1" ind2=" " tag="700">
<subfield code="a">Murray, Tawanda,</subfield>
<subfield code="d">1974-</subfield>
<subfield code="e">interviewee.</subfield>
</datafield>
<datafield ind1="1" ind2=" " tag="700">
<subfield code="a">Norton, Eleanor Holmes,</subfield>
<subfield code="e">interviewee.</subfield>
</datafield>
<datafield ind1="1" ind2=" " tag="700">
<subfield code="a">Oldham, Charles R.,</subfield>
<subfield code="e">interviewee.</subfield>
</datafield>
<datafield ind1="1" ind2=" " tag="700">
<subfield code="a">Poussaint, Alvin F.,</subfield>
<subfield code="e">interviewee.</subfield>
</datafield>
<datafield ind1="1" ind2=" " tag="700">
<subfield code="a">Pride, Carlton,</subfield>
<subfield code="d">1966-</subfield>
<subfield code="e">interviewee.</subfield>
</datafield>
<datafield ind1="1" ind2=" " tag="700">
<subfield code="a">Reid, Vernon,</subfield>
<subfield code="e">interviewee.</subfield>
</datafield>
<datafield ind1="1" ind2=" " tag="700">
<subfield code="a">Rivers, Eugene,</subfield>
<subfield code="e">interviewee.</subfield>
</datafield>
<datafield ind1="1" ind2=" " tag="700">
<subfield code="a">Romilly, Constancia,</subfield>
<subfield code="e">interviewee.</subfield>
</datafield>
<datafield ind1="1" ind2=" " tag="700">
<subfield code="a">Rowles, Billy E.,</subfield>
<subfield code="d">1945-</subfield>
<subfield code="e">interviewee.</subfield>
</datafield>
<datafield ind1="1" ind2=" " tag="700">
<subfield code="a">Seay, Norman R.,</subfield>
<subfield code="d">1932-</subfield>
<subfield code="e">interviewee.</subfield>
</datafield>
<datafield ind1="1" ind2=" " tag="700">
<subfield code="a">Sellers, Cleveland,</subfield>
<subfield code="d">1944-</subfield>
<subfield code="e">interviewee.</subfield>
</datafield>
<datafield ind1="1" ind2=" " tag="700">
<subfield code="a">Shores, Barbara,</subfield>
<subfield code="d">1945-</subfield>
<subfield code="e">interviewee.</subfield>
</datafield>
<datafield ind1="1" ind2=" " tag="700">
<subfield code="a">Sims, Bernice Banks,</subfield>
<subfield code="e">interviewee.</subfield>
</datafield>
<datafield ind1="1" ind2=" " tag="700">
<subfield code="a">Smith, Jerome M.,</subfield>
<subfield code="d">1939-</subfield>
<subfield code="e">interviewee.</subfield>
</datafield>
<datafield ind1="1" ind2=" " tag="700">
<subfield code="a">Spellman-Diaz, Toyin,</subfield>
<subfield code="d">1973-</subfield>
<subfield code="e">interviewee.</subfield>
</datafield>
<datafield ind1="1" ind2=" " tag="700">
<subfield code="a">Steger, Michelle,</subfield>
<subfield code="d">1967-</subfield>
<subfield code="e">interviewee.</subfield>
</datafield>
<datafield ind1="1" ind2=" " tag="700">
<subfield code="a">Sutton, Goodloe,</subfield>
<subfield code="d">1939-</subfield>
<subfield code="e">interviewee.</subfield>
</datafield>
<datafield ind1="1" ind2=" " tag="700">
<subfield code="a">Swann-Daniels, Carol,</subfield>
<subfield code="d">1948-</subfield>
<subfield code="e">interviewee.</subfield>
</datafield>
<datafield ind1="1" ind2=" " tag="700">
<subfield code="a">Tafel, Richard,</subfield>
<subfield code="e">interviewee.</subfield>
</datafield>
<datafield ind1="1" ind2=" " tag="700">
<subfield code="a">Thompson, Larry Dean,</subfield>
<subfield code="d">1945-</subfield>
<subfield code="e">interviewee.</subfield>
</datafield>
<datafield ind1="1" ind2=" " tag="700">
<subfield code="a">Tisdale, Alice,</subfield>
<subfield code="d">1955-</subfield>
<subfield code="e">interviewee.</subfield>
</datafield>
<datafield ind1="1" ind2=" " tag="700">
<subfield code="a">Tisdale, Charles,</subfield>
<subfield code="d">1926-</subfield>
<subfield code="e">interviewee.</subfield>
</datafield>
<datafield ind1="1" ind2=" " tag="700">
<subfield code="a">Trickey, Minnijean Brown,</subfield>
<subfield code="e">interviewee.</subfield>
</datafield>
<datafield ind1="1" ind2=" " tag="700">
<subfield code="a">Uyeshima, Erin Emiko,</subfield>
<subfield code="e">interviewee.</subfield>
</datafield>
<datafield ind1="1" ind2=" " tag="700">
<subfield code="a">West, W. Richard,</subfield>
<subfield code="e">interviewee.</subfield>
</datafield>
<datafield ind1="1" ind2=" " tag="700">
<subfield code="a">Wilder, Lawrence Douglas,</subfield>
<subfield code="d">1931-</subfield>
<subfield code="e">interviewee.</subfield>
</datafield>
<datafield ind1="1" ind2=" " tag="700">
<subfield code="a">Wilkins, Roger W.,</subfield>
<subfield code="d">1932-2017,</subfield>
<subfield code="e">interviewee.</subfield>
</datafield>
<datafield ind1="1" ind2=" " tag="700">
<subfield code="a">Wilson, Diane,</subfield>
<subfield code="d">1948-</subfield>
<subfield code="e">interviewee.</subfield>
</datafield>
<datafield ind1="1" ind2=" " tag="700">
<subfield code="a">Wilson, Edwin O.,</subfield>
<subfield code="d">1943-</subfield>
<subfield code="e">interviewee.</subfield>
</datafield>
<datafield ind1="1" ind2=" " tag="700">
<subfield code="a">Wunrow, Jeffrey D.,</subfield>
<subfield code="d">1967-</subfield>
<subfield code="e">interviewee.</subfield>
</datafield>
<datafield ind1="1" ind2=" " tag="700">
<subfield code="a">Yamamoto, Joyce C.,</subfield>
<subfield code="e">interviewee.</subfield>
</datafield>
<datafield ind1="1" ind2=" " tag="700">
<subfield code="a">Zabel, William D.,</subfield>
<subfield code="e">interviewee.</subfield>
</datafield>
<datafield ind1="1" ind2=" " tag="700">
<subfield code="a">Bowley, Andy,</subfield>
<subfield code="e">interviewer.</subfield>
</datafield>
<datafield ind1="1" ind2=" " tag="700">
<subfield code="a">Briggs, Jimmie,</subfield>
<subfield code="e">interviewer.</subfield>
</datafield>
<datafield ind1="1" ind2=" " tag="700">
<subfield code="a">Hargrove, Earnestine,</subfield>
<subfield code="e">interviewer.</subfield>
</datafield>
<datafield ind1="1" ind2=" " tag="700">
<subfield code="a">Iverem, Esther,</subfield>
<subfield code="d">1960-</subfield>
<subfield code="e">interviewer.</subfield>
</datafield>
<datafield ind1="1" ind2=" " tag="700">
<subfield code="a">Kellogg, Alex,</subfield>
<subfield code="e">interviewer.</subfield>
</datafield>
<datafield ind1="1" ind2=" " tag="700">
<subfield code="a">Krol, Debra Utacia,</subfield>
<subfield code="e">interviewer.</subfield>
</datafield>
<datafield ind1="1" ind2=" " tag="700">
<subfield code="a">Latimer, Leah Y.,</subfield>
<subfield code="e">interviewer.</subfield>
</datafield>
<datafield ind1="1" ind2=" " tag="700">
<subfield code="a">Lewis, Dan,</subfield>
<subfield code="e">interviewer.</subfield>
</datafield>
<datafield ind1="1" ind2=" " tag="700">
<subfield code="a">Lum, Lydia,</subfield>
<subfield code="e">interviewer.</subfield>
</datafield>
<datafield ind1="1" ind2=" " tag="700">
<subfield code="a">Mapp, Marilyn,</subfield>
<subfield code="e">interviewer.</subfield>
</datafield>
<datafield ind1="1" ind2=" " tag="700">
<subfield code="a">Marquez Stathis, Sandra,</subfield>
<subfield code="e">interviewer.</subfield>
</datafield>
<datafield ind1="1" ind2=" " tag="700">
<subfield code="a">Miller, Tom,</subfield>
<subfield code="d">1947-</subfield>
<subfield code="e">interviewer.</subfield>
</datafield>
<datafield ind1="1" ind2=" " tag="700">
<subfield code="a">Neubauer, Rita,</subfield>
<subfield code="e">interviewer.</subfield>
</datafield>
<datafield ind1="1" ind2=" " tag="700">
<subfield code="a">O'Konis, Jonathan,</subfield>
<subfield code="e">interviewer.</subfield>
</datafield>
<datafield ind1="1" ind2=" " tag="700">
<subfield code="a">Patoski, Joe Nick,</subfield>
<subfield code="d">1951-</subfield>
<subfield code="e">interviewer.</subfield>
</datafield>
<datafield ind1="1" ind2=" " tag="700">
<subfield code="a">Pierce, Ponchitta Anne,</subfield>
<subfield code="d">1942-</subfield>
<subfield code="e">interviewer.</subfield>
</datafield>
<datafield ind1="1" ind2=" " tag="700">
<subfield code="a">Reavis, Dick J.,</subfield>
<subfield code="e">interviewer.</subfield>
</datafield>
<datafield ind1="1" ind2=" " tag="700">
<subfield code="a">Rosenfeld, Megan,</subfield>
<subfield code="e">interviewer.</subfield>
</datafield>
<datafield ind1="1" ind2=" " tag="700">
<subfield code="a">Rosenzweig, Hannah,</subfield>
<subfield code="e">interviewer.</subfield>
</datafield>
<datafield ind1="1" ind2=" " tag="700">
<subfield code="a">Sloan, Lester,</subfield>
<subfield code="e">interviewer.</subfield>
</datafield>
<datafield ind1="1" ind2=" " tag="700">
<subfield code="a">Smith, Vern E.,</subfield>
<subfield code="e">interviewer.</subfield>
</datafield>
<datafield ind1="1" ind2=" " tag="700">
<subfield code="a">Whitehouse, Liz,</subfield>
<subfield code="e">interviewer.</subfield>
</datafield>
<datafield ind1="1" ind2=" " tag="700">
<subfield code="a">Wolf, Bonny,</subfield>
<subfield code="e">interviewer.</subfield>
</datafield>
<datafield ind1="1" ind2=" " tag="700">
<subfield code="a">Ynclan, Nery,</subfield>
<subfield code="e">interviewer.</subfield>
</datafield>
<datafield ind1="1" ind2=" " tag="700">
<subfield code="a">Williams, Juan.</subfield>
</datafield>
<datafield ind1="2" ind2=" " tag="710">
<subfield code="a">AARP (Organization),</subfield>
<subfield code="e">collector.</subfield>
</datafield>
<datafield ind1="2" ind2=" " tag="710">
<subfield code="a">Library of Congress,</subfield>
<subfield code="e">sponsor.</subfield>
</datafield>
<datafield ind1="2" ind2=" " tag="710">
<subfield code="a">History Channel (Television network)</subfield>
</datafield>
<datafield ind1="2" ind2=" " tag="710">
<subfield code="a">Leadership Conference on Civil Rights,</subfield>
<subfield code="e">sponsor.</subfield>
</datafield>
<datafield ind1=" " ind2=" " tag="852">
<subfield code="a">Library of Congress</subfield>
<subfield code="b">American Folklife Center,</subfield>
<subfield code="e">
101 Independence Ave. S.E., Washington, DC USA 20540-4610
</subfield>
<subfield code="u">https://hdl.loc.gov/loc.afc/folklife.home</subfield>
</datafield>
<datafield ind1="4" ind2="1" tag="856">
<subfield code="3">Online exhibition at the Library of Congress</subfield>
<subfield code="u">https://www.loc.gov/exhibits/civilrights/</subfield>
</datafield>
<datafield ind1="4" ind2="2" tag="856">
<subfield code="3">Finding aid</subfield>
<subfield code="u">https://hdl.loc.gov/loc.afc/eadafc.af012003</subfield>
</datafield>
<datafield ind1=" " ind2=" " tag="985">
<subfield code="a">afc/ead</subfield>
</datafield>
<datafield ind1=" " ind2=" " tag="985">
<subfield code="a">afc/coll</subfield>
</datafield>
</record>
</collection>